<mx:record xmlns="http://www.w3.org/TR/xhtml1/strict" xmlns:mx="http://www.loc.gov/MARC21/slim" xmlns:xsi="http://www.w3.org/2001/XMLSchema-instance"><mx:leader>00000cz   2200000n  4500</mx:leader><mx:controlfield tag="001">oca01701505 </mx:controlfield><mx:controlfield tag="005">19861204101057.3</mx:controlfield><mx:controlfield tag="008">861028n| acannaab|          |a aad |||  </mx:controlfield><mx:datafield ind1=" " ind2=" " tag="010"><mx:subfield code="a">n  86861252 </mx:subfield></mx:datafield><mx:datafield ind1=" " ind2=" " tag="040"><mx:subfield code="a">DLC</mx:subfield><mx:subfield code="c">DLC</mx:subfield><mx:subfield code="d">DLC</mx:subfield></mx:datafield><mx:datafield ind1="1" ind2=" " tag="100"><mx:subfield code="a">Posthius, Johannes,</mx:subfield><mx:subfield code="d">1537-1597.</mx:subfield></mx:datafield><mx:datafield ind1="1" ind2=" " tag="400"><mx:subfield code="a">Posthius, Iohannes,</mx:subfield><mx:subfield code="d">1537-1597</mx:subfield></mx:datafield><mx:datafield ind1=" " ind2=" " tag="670"><mx:subfield code="a">nuc86-97121: Solis, V. Iohan. Posthii Tetrasticha in Ovidii ... [MI] 1563</mx:subfield><mx:subfield code="b">(hdg. on NjP rept.: Posthius, Johannes, 1537-1597)</mx:subfield></mx:datafield><mx:datafield ind1=" " ind2=" " tag="999"><mx:subfield code="a">46</mx:subfield></mx:datafield></mx:record>